<?xml version="1.0" encoding="UTF-8" ?>
<record Numero="13967314" format="InterXMarc_Complet" type="Authority">
<leader>00611c0 au2200027   45  <Pos Code="0004">00611</Pos>
<Pos Code="05" Sens="notice modifiée">c</Pos>
<Pos Code="06" Sens="notice validée par les services d&apos;autorité">0</Pos>
<Pos Code="08" Sens="notice d&apos;autorité">a</Pos>
<Pos Code="09" Sens="titre uniforme musical (TUM)">u</Pos>
<Pos Code="10">2</Pos>
<Pos Code="11">2</Pos>
<Pos Code="1216">00027</Pos>
<Pos Code="20">4</Pos>
<Pos Code="21">5</Pos>
</leader>
<controlfield tag="001">FRBNF139673147<Pos Code="0001">FR</Pos>
<Pos Code="0204">BNF</Pos>
<Pos Code="0512">13967314</Pos>
<Pos Code="13">7</Pos>
</controlfield>
<controlfield tag="008">940831110519yy    sp        1875                             1   <Pos Code="0001">94</Pos>
<Pos Code="0203">08</Pos>
<Pos Code="0405">31</Pos>
<Pos Code="0607">11</Pos>
<Pos Code="0809">05</Pos>
<Pos Code="1011">19</Pos>
<Pos Code="1213" Sens="ne s&apos;applique pas">yy</Pos>
<Pos Code="1820">sp </Pos>
<Pos Code="2831">1875</Pos>
<Pos Code="61" Sens="La vedette peut être liée à une notice bibliographique sauf pour l&apos;accès matière RAMEAU">1</Pos>
</controlfield>
<datafield tag="048" ind1=" " ind2=" ">
	<subfield code="a">oa01<Pos Code="0001" Sens="orchestre - orchestre symphonique XIXe-XXe s.">oa</Pos>
<Pos Code="02">0</Pos>
<Pos Code="03">1</Pos>
</subfield>
</datafield>
<datafield tag="100" ind1=" " ind2=" ">
	<subfield code="3">13893514</subfield>
	<subfield code="w"> 0  b     </subfield>
	<subfield code="a">Duparc</subfield>
	<subfield code="m">Henri</subfield>
	<subfield code="d">1848-1933</subfield>
</datafield>
<datafield tag="144" ind1="1" ind2=" ">
	<subfield code="w">....b.....</subfield>
	<subfield code="a">Lénore</subfield>
</datafield>
<datafield tag="600" ind1=" " ind2=" ">
	<subfield code="a">D&apos;après la ballade éponyme de Gottfried August Bürger</subfield>
	<subfield code="a">Date de composition : 1875</subfield>
	<subfield code="a">1re éd. : ca 1894-4895</subfield>
</datafield>
<datafield tag="600" ind1=" " ind2=" ">
	<subfield code="a">Il existe une réduction pour 2 pianos par Camille Saint-Säens (1876) et une pour piano à 4 mains par César Franck</subfield>
</datafield>
<datafield tag="610" ind1=" " ind2=" ">
	<subfield code="a">Henri Duparc, 1848-1933 : musicien de l&apos;émotion / Michel Fabre, 2001</subfield>
</datafield>
<datafield tag="610" ind1=" " ind2=" ">
	<subfield code="a">Grove music online</subfield>
	<subfield code="u">http://www.oxfordmusiconline.com</subfield>
	<subfield code="d">2011-05-18</subfield>
</datafield>
<datafield tag="917" ind1=" " ind2=" ">
	<subfield code="o">OPC</subfield>
	<subfield code="a">100986320</subfield>
</datafield>
<Attr Nom="IDPerenne">ark:/12148/cb13967314k</Attr>
<Attr Nom="NumSource">OPC 100986320</Attr>
<Attr Nom="Source" Sens="BnF catalogue général (depuis 1999)">A</Attr>
<Attr Nom="NumAutoriteLiee">13893514</Attr>
<Attr Nom="DateCreation">31/08/ 1994</Attr>
<Attr Nom="ResponsableCreation">MIGV2</Attr>
<Attr Nom="StructCreation">1</Attr>
<Attr Nom="DateDerniereValidation">19/05/ 2011</Attr>
<Attr Nom="ResponsableDerniereValidation">PUYRENIER FREDERIC</Attr>
<Attr Nom="StructPremiereValidation">1</Attr>
<Attr Nom="DatePremiereValidation">31/08/ 1994</Attr>
<Attr Nom="ResponsablePremiereValidation">MIGV2</Attr>
<Attr Nom="StructDerniereValidation">82</Attr>
<Attr Nom="NumSource">CRI LX002108130801C</Attr>
</record>
